This is an example of a BibTeX references file.  Any reference you'll ever need
can go in this one file.  In your thesis/paper you just need to say

\bibliography{references}	%References
\bibliographystyle{style_file}	%BibTeX (.bst) style file

which will automatically include any references you mention in your thesis.
Any references you don't make are not included.  If you want to include a
reference you don't mention just use

\nocite{label}

which will insert the reference 'label' into your bibliography.  I like the
style file (jfm.bst) provided by the Journal of Fluid Mechanics.  You can
download it from their website (http://jfm-www.damtp.cam.ac.uk/).
-------------------------------------------------------------------------------

Define some strings for Journal names.
@STRING(AA = "Astron.~Astrophys.")
@STRING(ACP = "Annales de Chimie et de Physique")
@STRING(AJ = "Astrophys.~J.")
@STRING(EJMBF = "Eur.~J.~Mech.,~B/Fluids")
@STRING(FDR = "Fluid Dyn.~Res.")
@STRING(JCP = "J.~Comput.~Phys.")
@STRING(JETP = "J~.Exptl.~Theoret.~Phys.~(U.~S.~S.~R.)")
@STRING(JFM = "J.~Fluid Mech.")
@STRING(JPA = "J.~Phys.~A: Math.~Gen.")
@STRING(MPCPS = "Math.~Proc.~Camb.~Phil.~Soc.")
@STRING(PCPS = "Proc.~Cambridge Phil.~Soc.")
@STRING(PD = "Physica D")
@STRING(PF = "Phys.~Fluids")
@STRING(PLA = "Phys.~Lett.~A")
@STRING(PRA = "Phys.~Rev.~A")
@STRING(PRE = "Phys.~Rev.~E")
@STRING(PRL = "Phys.~Rev.~Lett.")
@STRING(PRSLA = "Proc.~R.~Soc.~Lond.~A")
@STRING(TCFD = "Theor.~Comput.~Fluid Dyn.")

@ARTICLE{taneda41,
   author = "S. Taneda",
   year = "1956",
   title = "Experimental Investigation of the Wakes behind Cylinders and Plates at Low {R}eynolds Numbers",
   journal = "J. Phys. Soc. Jpn.",
   volume = "11",
   issue = "3",
   pages = "302--307"
}

@ARTICLE{taneda112,
   author = "S. Taneda",
   year = "1981",
   title = "Large Scale Periodic Motions in Turbulent Shear Layers",
   journal = "J. Phys. Soc. Jpn.",
   volume = "50",
   issue = "4",
   pages = "1398--1403"
}

@book{nagib,
  title={An album of fluid motion},
  author={Van Dyke, M.},
  lccn={81083088},
  year="1982",
  publisher={Parabolic Press},
  address={Stanford, CA}
}

@book{annett,
  title={Superconductivity, Superfluids and Condensates},
  author={J. Annett},
  year="2004",
  publisher={Oxford University Press},
  address={Oxford}
}

@article{frisch92,
  title = {Transition to dissipation in a model of superflow},
  author = {Frisch, T. and Pomeau, Y. and Rica, S.},
  journal = {Phys. Rev. Lett.},
  volume = {69},
  issue = {11},
  pages = {1644--1647},
  numpages = {0},
  year = {1992},
  month = {Sep},
  publisher = {American Physical Society},
  doi = {10.1103/PhysRevLett.69.1644},
  
}

@article{persistent,
  title = {Observation of Persistent Flow of a {B}ose-{E}instein Condensate in a Toroidal Trap},
  author = {Ryu, C. and Andersen, M. F. and Clad\'e, P. and Natarajan, Vasant and Helmerson, K. and Phillips, W. D.},
  journal = {Phys. Rev. Lett.},
  volume = {99},
  issue = {26},
  pages = {260401},
  numpages = {4},
  year = {2007},
  month = {Dec},
  publisher = {American Physical Society},
  doi = {10.1103/PhysRevLett.99.260401},
  
}
@article{jo,
  author={R Gati and M K Oberthaler},
  title={A bosonic Josephson junction},
  journal={Journal of Physics B: Atomic, Molecular and Optical Physics},
  volume={40},
  number={10},
  pages={R61},
  
  year={2007}
} 
@article{vortices,
year={2010},
issn={0022-2291},
journal={Journal of Low Temperature Physics},
volume={161},
number={5-6},
doi={10.1007/s10909-010-0202-7},
title={Vortices and Dynamics in Trapped {B}ose-{E}instein Condensates},

publisher={Springer US},
keywords={Dilute cold atomic gases; Vortices},
author={Fetter, AlexanderL.},
pages={445-459},
language={English}
}

@article{Henn,
  title = {Emergence of Turbulence in an Oscillating {B}ose-{E}instein Condensate},
  author = {Henn, E. A. L. and Seman, J. A. and Roati, G. and Magalh\~aes, K. M. F. and Bagnato, V. S.},
  journal = {Phys. Rev. Lett.},
  volume = {103},
  issue = {4},
  pages = {045301},
  numpages = {4},
  year = {2009},
  month = {Jul},
  publisher = {American Physical Society},
  doi = {10.1103/PhysRevLett.103.045301},
  
}

@article{Neely,
  title = {Observation of Vortex Dipoles in an Oblate {B}ose-{E}instein Condensate},
  author = {Neely, T. W. and Samson, E. C. and Bradley, A. S. and Davis, M. J. and Anderson, B. P.},
  journal = {Phys. Rev. Lett.},
  volume = {104},
  issue = {16},
  pages = {160401},
  numpages = {4},
  year = {2010},
  month = {Apr},
  publisher = {American Physical Society},
  doi = {10.1103/PhysRevLett.104.160401},
  
}
@article{kwon_moon_14,
  title = {Relaxation of superfluid turbulence in highly oblate {B}ose-{E}instein condensates},
  author = {Kwon, Woo Jin and Moon, Geol and Choi, Jae-yoon and Seo, Sang Won and Shin, Yong-il},
  journal = {Phys. Rev. A},
  volume = {90},
  issue = {6},
  pages = {063627},
  numpages = {6},
  year = {2014},
  month = {Dec},
  publisher = {American Physical Society},
  doi = {10.1103/PhysRevA.90.063627},
  
}

@article{Raman,
  title = {Evidence for a Critical Velocity in a {B}ose-{E}instein Condensed Gas},
  author = {Raman, C. and K\"ohl, M. and Onofrio, R. and Durfee, D. S. and Kuklewicz, C. E. and Hadzibabic, Z. and Ketterle, W.},
  journal = {Phys. Rev. Lett.},
  volume = {83},
  issue = {13},
  pages = {2502--2505},
  numpages = {0},
  year = {1999},
  month = {Sep},
  publisher = {American Physical Society},
  doi = {10.1103/PhysRevLett.83.2502},
  
}

@article{Onofrio,
  title = {Observation of Superfluid Flow in a {B}ose-{E}instein Condensed Gas},
  author = {Onofrio, R. and Raman, C. and Vogels, J. M. and Abo-Shaeer, J. R. and Chikkatur, A. P. and Ketterle, W.},
  journal = {Phys. Rev. Lett.},
  volume = {85},
  issue = {11},
  pages = {2228--2231},
  numpages = {0},
  year = {2000},
  month = {Sep},
  publisher = {American Physical Society},
  doi = {10.1103/PhysRevLett.85.2228},
  
}

@article{Inouye,
  title = {Observation of Vortex Phase Singularities in {B}ose-{E}instein Condensates},
  author = {Inouye, S. and Gupta, S. and Rosenband, T. and Chikkatur, A. P. and G\"orlitz, A. and Gustavson, T. L. and Leanhardt, A. E. and Pritchard, D. E. and Ketterle, W.},
  journal = {Phys. Rev. Lett.},
  volume = {87},
  issue = {8},
  pages = {080402},
  numpages = {4},
  year = {2001},
  month = {Aug},
  publisher = {American Physical Society},
  doi = {10.1103/PhysRevLett.87.080402},
  
}

@book{stringari,
  title={{B}ose-{E}instein Condensation},
  author={L. P. Pitaevskii and S. Stringari},
  year="2003",
  publisher={Oxford University Press},
  address={Oxford}
}
@article{saito10,
  title = {B\'enard\char21{}von K\'arm\'an Vortex Street in a {B}ose-{E}instein Condensate},
  author = {Sasaki, Kazuki and Suzuki, Naoya and Saito, Hiroki},
  journal = {Phys. Rev. Lett.},
  volume = {104},
  issue = {15},
  pages = {150404},
  numpages = {4},
  year = {2010},
  month = {Apr},
  publisher = {American Physical Society},
  doi = {10.1103/PhysRevLett.104.150404},
  
}

@article{stagg_parker_14,
  author={G W Stagg and N G Parker and C F Barenghi},
  title={Quantum analogues of classical wakes in {B}ose-{E}instein condensates},
  journal={Journal of Physics B: Atomic, Molecular and Optical Physics},
  volume={47},
  number={9},
  pages={095304},
  
  year={2014}
}

@phdthesis{win01,
  author       = {T. Winiecki}, 
  title        = {Numerical Studies of Superfluids and Superconductors},
  school       = {The University of Durham},
  year         = 2001
}

@article{stagg_allen_14,
  title = {Generation and decay of two-dimensional quantum turbulence in a trapped {B}ose-{E}instein condensate},
  author = {Stagg, G. W. and Allen, A. J. and Parker, N. G. and Barenghi, C. F.},
  journal = {Phys. Rev. A},
  volume = {91},
  issue = {1},
  pages = {013612},
  numpages = {6},
  year = {2015},
  month = {Jan},
  publisher = {American Physical Society},
  doi = {10.1103/PhysRevA.91.013612},
  
}

@article{Laurie,
  title = {Vortex-Density Fluctuations, Energy Spectra, and Vortical Regions in Superfluid Turbulence},
  author = {Baggaley, Andrew W. and Laurie, Jason and Barenghi, Carlo F.},
  journal = {Phys. Rev. Lett.},
  volume = {109},
  issue = {20},
  pages = {205304},
  numpages = {5},
  year = {2012},
  month = {Nov},
  publisher = {American Physical Society},
  doi = {10.1103/PhysRevLett.109.205304},
  
}

@article{reeves,
  title = {Signatures of coherent vortex structures in a disordered two-dimensional quantum fluid},
  author = {Reeves, Matthew T. and Billam, Thomas P. and Anderson, Brian P. and Bradley, Ashton S.},
  journal = {Phys. Rev. A},
  volume = {89},
  issue = {5},
  pages = {053631},
  numpages = {13},
  year = {2014},
  month = {May},
  publisher = {American Physical Society},
  doi = {10.1103/PhysRevA.89.053631},
  
}    
@article{Tabeling,
  author={J. Maurer and P. Tabeling},
  title={Local investigation of superfluid turbulence},
  journal={EPL (Europhysics Letters)},
  volume={43},
  number={1},
  pages={29},
  year={1998}
}
@article{Salort,
   author = "Salort, J. and Baudet, C. and Castaing, B. and Chabaud, B. and Daviaud, F. and Didelot, T. and Diribarne, P. and Dubrulle, B. and Gagne, Y. and Gauthier, F. and Girard, A. and HÃ©bral, B. and Rousset, B. and Thibault, P. and Roche, P.-E.",
   title = "Turbulent velocity spectra in superfluid flows",
   journal = "Physics of Fluids",
   year = "2010",
   volume = "22",
   number = "12", 
   pages = "125102",
   doi = "http://dx.doi.org/10.1063/1.3504375" 
}

@book{Donnelly,
  title={Quantized Vortices in {H}elium II},
  author={R. J. Donnelly},
  year="1991",
  publisher={Cambridge University Press},
  address={Cambridge}
}
@article{Nore,
  title = {Kolmogorov Turbulence in Low-Temperature Superflows},
  author = {Nore, C. and Abid, M. and Brachet, M. E.},
  journal = {Phys. Rev. Lett.},
  volume = {78},
  issue = {20},
  pages = {3896--3899},
  numpages = {0},
  year = {1997},
  month = {May},
  publisher = {American Physical Society},
  doi = {10.1103/PhysRevLett.78.3896},
}
@article{Kobayashi,
  title = {Kolmogorov Spectrum of Superfluid Turbulence: Numerical Analysis of the Gross-Pitaevskii Equation with a Small-Scale Dissipation},
  author = {Kobayashi, Michikazu and Tsubota, Makoto},
  journal = {Phys. Rev. Lett.},
  volume = {94},
  issue = {6},
  pages = {065302},
  numpages = {4},
  year = {2005},
  month = {Feb},
  publisher = {American Physical Society},
  doi = {10.1103/PhysRevLett.94.065302},
}
@article{Lvov,
    volume = {80},
    number = {7},
     title = {Energy spectra of developed superfluid turbulence},
 publisher = {AMER INST PHYSICS},
      year = {2004},
     pages = {479--483},
   journal = {JETP Letters}
}
@book{Frisch,
  title={Turbulence. The legacy of {A\,.N.}\,{K}olmogorov},
  author={U. Frisch},
  year="1995",
  publisher={Cambridge University Press},
  address={Cambridge}
}
@book{NozieresPines,
  title={The Theory of Quantum Liquids II},
  author={Nozi\`eres, P and Pines, D},
  year="1990",
  publisher={Addison-Wesley},
  address={Redwood City}
}

@misc{barenghi,
Author = {Carlo F. Barenghi and Victor L'vov and Philippe-E. Roche},
Title = {Velocity spectra of quantum turbulence: experiments, numerics and models},
Year = {2013},
Eprint = {arXiv:1306.6248},
}
@misc{shin_private,
Author = {Y. Shin},
note = {Private communication}
}
@article{VanSciver1999,
   author = "Smith, M. R. and Hilton, D. K. and Van Sciver, S.",
   journal = "Phys. Fluids",
   year = "1999",
   volume = "11",
   pages = "1"
}
@article{VanSciver2005,
   author = "Zhang, T and Van Sciver, S",
   journal = "Nature Physics",
   year = "2005",
   volume = "1",
   pages = "36"
}
@article{sergeev09,
  year={2009},
  journal={J. Low Temp. Phys.},
  volume={157},
  number={5-6},
  doi={10.1007/s10909-009-9994-8},
  title={Particles-Vortex Interactions and Flow Visualization inÂ 4He},
  publisher={Springer US},
  keywords={Superfluids; Vortices and turbulence; Particle-vortex interactions; Flow visualization; 67.40.Vs; 47.37.+q; 47.27.-i},
  author={Sergeev, Y.A. and Barenghi, C.F.},
  pages={429-475},
  language={English}
}
@article{Hanninen,
  title = {Generation of turbulence by oscillating structures in superfluid helium at very low temperatures},
  author = {H\"anninen, R. and Tsubota, M. and Vinen, W. F.},
  journal = {Phys. Rev. B},
  volume = {75},
  issue = {6},
  pages = {064502},
  numpages = {12},
  year = {2007},
  month = {Feb},
  publisher = {American Physical Society},
  doi = {10.1103/PhysRevB.75.064502},
}
@article{Fujiyama,
  title = {Drag force on an oscillating object in quantum turbulence},
  author = {Fujiyama, Shoji and Tsubota, Makoto},
  journal = {Phys. Rev. B},
  volume = {79},
  issue = {9},
  pages = {094513},
  numpages = {7},
  year = {2009},
  month = {Mar},
  publisher = {American Physical Society},
  doi = {10.1103/PhysRevB.79.094513},
}
@article{goto08,
  title = {Turbulence in Boundary Flow of Superfluid $^{4}\mathrm{He}$ Triggered by Free Vortex Rings},
  author = {Goto, R. and Fujiyama, S. and Yano, H. and Nago, Y. and Hashimoto, N. and Obara, K. and Ishikawa, O. and Tsubota, M. and Hata, T.},
  journal = {Phys. Rev. Lett.},
  volume = {100},
  issue = {4},
  pages = {045301},
  numpages = {4},
  year = {2008},
  month = {Feb},
  publisher = {American Physical Society},
  doi = {10.1103/PhysRevLett.100.045301}
}

@article{jma00,
  title = {Dissipation and vortex creation in Bose-Einstein condensed gases},
  author = {Jackson, B. and McCann, J. F. and Adams, C. S.},
  journal = {Phys. Rev. A},
  volume = {61},
  issue = {5},
  pages = {051603},
  numpages = {4},
  year = {2000},
  month = {Apr},
  publisher = {American Physical Society},
  doi = {10.1103/PhysRevA.61.051603}
}
@article{nore93,
  author = {Nore, C and Brachet, M E and Fauve, S},
  journal = {Physica D},
  volume = {65},
  pages = {154},
  year = {1993}
}
@article{jma99,
  title = {Pressure Drag in Linear and Nonlinear Quantum Fluids},
  author = {Winiecki, T. and McCann, J. F. and Adams, C. S.},
  journal = {Phys. Rev. Lett.},
  volume = {82},
  issue = {26},
  pages = {5186--5189},
  numpages = {0},
  year = {1999},
  month = {Jun},
  publisher = {American Physical Society},
  doi = {10.1103/PhysRevLett.82.5186}
}

@article{win00,
  author={T Winiecki and B Jackson and J F McCann and C S Adams},
  title={Vortex shedding and drag in dilute Bose-Einstein condensates},
  journal={Journal of Physics B: Atomic, Molecular and Optical Physics},
  volume={33},
  number={19},
  pages={4069},
  year={2000}
}

@article{huepe00,
  author = {Huepe, C and Brachet, M E},
  journal = {Physica (Amsterdam)},
  volume = {140},
  pages = {126},
  year = {2000}
}
@article{zwerger00,
  title = {Critcal velocity of superfluid flow past large obstacles in Bose-Einstein condensates},
  author = {Stie\ss{}berger, J. S. and Zwerger, W.},
  journal = {Phys. Rev. A},
  volume = {62},
  issue = {6},
  pages = {061601},
  numpages = {4},
  year = {2000},
  month = {Nov},
  publisher = {American Physical Society},
  doi = {10.1103/PhysRevA.62.061601}
}
@article{crescimanno00,
  title = {Analytical estimate of the critical velocity for vortex pair creation in trapped Bose condensates},
  author = {Crescimanno, M. and Koay, C. G. and Peterson, R. and Walsworth, R.},
  journal = {Phys. Rev. A},
  volume = {62},
  issue = {6},
  pages = {063612},
  numpages = {7},
  year = {2000},
  month = {Nov},
  publisher = {American Physical Society},
  doi = {10.1103/PhysRevA.62.063612}
}
@article{berloff2000,
  author = {Berloff, N G and Roberts, P H},
  journal = {J. Phys. A},
  volume = {33},
  pages = {4025},
  year = {2000}
}
@article{rica2001,
  author = {Rica, S},
  journal = {Physica D},
  volume = {148},
  pages = {221},
  year = {2001}
}
@article{pham2004,
  author = {Pham, C T and Nore, C and Brachet, M E},
  journal = {Comptes Rendus Physique},
  volume = {5},
  pages = {3},
  year = {2004}
}
@article{jackson98,
  title = {Vortex Formation in Dilute Inhomogeneous Bose-Einstein Condensates},
  author = {Jackson, B. and McCann, J. F. and Adams, C. S.},
  journal = {Phys. Rev. Lett.},
  volume = {80},
  issue = {18},
  pages = {3903--3906},
  numpages = {0},
  year = {1998},
  month = {May},
  publisher = {American Physical Society},
  doi = {10.1103/PhysRevLett.80.3903}
}
@article{fujimoto11,
  title = {Nonlinear dynamics in a trapped atomic Bose-Einstein condensate induced by an oscillating Gaussian potential},
  author = {Fujimoto, Kazuya and Tsubota, Makoto},
  journal = {Phys. Rev. A},
  volume = {83},
  issue = {5},
  pages = {053609},
  numpages = {14},
  year = {2011},
  month = {May},
  publisher = {American Physical Society},
  doi = {10.1103/PhysRevA.83.053609}
}
@article{aioi11,
  title = {Controlled Generation and Manipulation of Vortex Dipoles in a Bose-Einstein Condensate},
  author = {Aioi, Tomohiko and Kadokura, Tsuyoshi and Kishimoto, Tetsuo and Saito, Hiroki},
  journal = {Phys. Rev. X},
  volume = {1},
  issue = {2},
  pages = {021003},
  numpages = {10},
  year = {2011},
  month = {Oct},
  publisher = {American Physical Society},
  doi = {10.1103/PhysRevX.1.021003}
}
@article{el06,
  title = {Oblique Dark Solitons in Supersonic Flow of a Bose-Einstein Condensate},
  author = {El, G. A. and Gammal, A. and Kamchatnov, A. M.},
  journal = {Phys. Rev. Lett.},
  volume = {97},
  issue = {18},
  pages = {180405},
  numpages = {4},
  year = {2006},
  month = {Nov},
  publisher = {American Physical Society},
  doi = {10.1103/PhysRevLett.97.180405}
}
@article{carusotto06,
  title = {Bogoliubov-\ifmmode \check{C}\else \v{C}\fi{}erenkov Radiation in a Bose-Einstein Condensate Flowing against an Obstacle},
  author = {Carusotto, I. and Hu, S. X. and Collins, L. A. and Smerzi, A.},
  journal = {Phys. Rev. Lett.},
  volume = {97},
  issue = {26},
  pages = {260403},
  numpages = {4},
  year = {2006},
  month = {Dec},
  publisher = {American Physical Society},
  doi = {10.1103/PhysRevLett.97.260403}
}
@book{Pethick,
  title={{B}ose-{E}instein Condensation in Dilute Gases},
  author={Pethick, C J and Smith, H},
  year="2002",
  publisher={Cambrige University Press},
  address={Cambridge}
}
@article{Gorlitz,
  title = {Realization of Bose-Einstein Condensates in Lower Dimensions},
  author = {G\"orlitz, A. and Vogels, J. M. and Leanhardt, A. E. and Raman, C. and Gustavson, T. L. and Abo-Shaeer, J. R. and Chikkatur, A. P. and Gupta, S. and Inouye, S. and Rosenband, T. and Ketterle, W.},
  journal = {Phys. Rev. Lett.},
  volume = {87},
  issue = {13},
  pages = {130402},
  numpages = {4},
  year = {2001},
  month = {Sep},
  publisher = {American Physical Society},
  doi = {10.1103/PhysRevLett.87.130402}
}
@article{fos10,
  title = {Vortex pairing in two-dimensional Bose gases},
  author = {Foster, Christopher J. and Blakie, P. Blair and Davis, Matthew J.},
  journal = {Phys. Rev. A},
  volume = {81},
  issue = {2},
  pages = {023623},
  numpages = {15},
  year = {2010},
  month = {Feb},
  publisher = {American Physical Society},
  doi = {10.1103/PhysRevA.81.023623}
}
@article{white12,
  title = {Creation and characterization of vortex clusters in atomic Bose-Einstein condensates},
  author = {White, Angela C. and Barenghi, Carlo F. and Proukakis, Nick P.},
  journal = {Phys. Rev. A},
  volume = {86},
  issue = {1},
  pages = {013635},
  numpages = {8},
  year = {2012},
  month = {Jul},
  publisher = {American Physical Society},
  doi = {10.1103/PhysRevA.86.013635}
}
@article{bagg12,
  author={A. W. Baggaley and C. F. Barenghi and A. Shukurov and Y. A. Sergeev},
  title={Coherent vortex structures in quantum turbulence},
  journal={EPL (Europhysics Letters)},
  volume={98},
  number={2},
  pages={26002},
  year={2012}
}
@article{blaz08,
  title = {Generation of turbulence by vibrating forks and other structures in superfluid $^{4}\text{H}\text{e}$},
  author = {Bla\ifmmode \check{z}\else \v{z}\fi{}kov\'a, M. and Schmoranzer, D. and Skrbek, L. and Vinen, W. F.},
  journal = {Phys. Rev. B},
  volume = {79},
  issue = {5},
  pages = {054522},
  numpages = {11},
  year = {2009},
  month = {Feb},
  publisher = {American Physical Society},
  doi = {10.1103/PhysRevB.79.054522}
}
@article{brad05,
  title = {Emission of Discrete Vortex Rings by a Vibrating Grid In Superfluid $^{3}\mathrm{He}\mathrm{\text{-}}B$: A Precursor to Quantum Turbulence},
  author = {Bradley, D. I. and Clubb, D. O. and Fisher, S. N. and Gu\'enault, A. M. and Haley, R. P. and Matthews, C. J. and Pickett, G. R. and Tsepelin, V. and Zaki, K.},
  journal = {Phys. Rev. Lett.},
  volume = {95},
  issue = {3},
  pages = {035302},
  numpages = {4},
  year = {2005},
  month = {Jul},
  publisher = {American Physical Society},
  doi = {10.1103/PhysRevLett.95.035302}
}
@article{wacks,
   author = "Wacks, D. H. and Baggaley, A. W. and Barenghi, C. F.",
   title = "Coherent laminar and turbulent motion of toroidal vortex bundles",
   journal = "Physics of Fluids",
   year = "2014",
   volume = "26",
   number = "2",
   pages = "027102"
}
@article{winiecki99,
  author={T. Winiecki and J. F. McCann and C. S. Adams},
  title={Vortex structures in dilute quantum fluids},
  journal={EPL (Europhysics Letters)},
  volume={48},
  number={5},
  pages={475},
  year={1999}
}

\bibitem{qt} M. Tsubota, J. Phys.: Condens. Matter {\bf 21}, 164207 (2009); A. C. White, B. P. Anderson and V. S. Bagnato, Proc. Nat. Acad. Sci. USA {\bf 111}, 4683 (2014); A. J. Allen, N. G. Parker, N. P. Proukakis and C. F. Barenghi, J. Phys.: Conf. Ser. {\bf 544}, 012023 (2014).
@article{white_anderson_14,
author = {White, Angela C. and Anderson, Brian P. and Bagnato, Vanderlei S.}, 
title = {Vortices and turbulence in trapped atomic condensates},
volume = {111}, 
number = {Supplement 1}, 
pages = {4719-4726}, 
year = {2014}, 
doi = {10.1073/pnas.1312737110},
journal = {Proceedings of the National Academy of Sciences} 
}

@article{barenghi_skrbek_14,
author = {Barenghi, Carlo F. and Skrbek, Ladislav and Sreenivasan, Katepalli R.}, 
title = {Introduction to quantum turbulence},
volume = {111}, 
number = {Supplement 1}, 
pages = {4647-4652}, 
year = {2014}, 
doi = {10.1073/pnas.1400033111},
journal = {Proceedings of the National Academy of Sciences} 
}

@book{barenghi_donnelly_01,
  title={Quantized Vortex Dynamics and Superfluid Turbulence},
  author={C. F. Barenghi and R. Donnelly and W. Vinen and eds.},
  year="2001",
  publisher={Springer},
  address={Berlin}
}

  @article{parker2005,
  title = {Emergence and Decay of Turbulence in Stirred Atomic Bose-Einstein Condensates},
  author = {Parker, N. G. and Adams, C. S.},
  journal = {Phys. Rev. Lett.},
  volume = {95},
  issue = {14},
  pages = {145301},
  numpages = {4},
  year = {2005},
  month = {Sep},
  publisher = {American Physical Society},
  doi = {10.1103/PhysRevLett.95.145301}
}

@article{middelkamp,
  title = {Guiding-center dynamics of vortex dipoles in Bose-Einstein condensates},
  author = {Middelkamp, S. and Torres, P. J. and Kevrekidis, P. G. and Frantzeskakis, D. J. and Carretero-Gonz\'alez, R. and Schmelcher, P. and Freilich, D. V. and Hall, D. S.},
  journal = {Phys. Rev. A},
  volume = {84},
  issue = {1},
  pages = {011605},
  numpages = {4},
  year = {2011},
  month = {Jul},
  publisher = {American Physical Society},
  doi = {10.1103/PhysRevA.84.011605}
}

@article{neely_bradley_13,
  title = {Characteristics of Two-Dimensional Quantum Turbulence in a Compressible Superfluid},
  author = {Neely, T. W. and Bradley, A. S. and Samson, E. C. and Rooney, S. J. and Wright, E. M. and Law, K. J. H. and Carretero-Gonz\'alez, R. and Kevrekidis, P. G. and Davis, M. J. and Anderson, B. P.},
  journal = {Phys. Rev. Lett.},
  volume = {111},
  issue = {23},
  pages = {235301},
  numpages = {6},
  year = {2013},
  month = {Dec},
  publisher = {American Physical Society},
  doi = {10.1103/PhysRevLett.111.235301},
}


@article{delgado,
  title = {Extension of the Thomas-Fermi approximation for trapped Bose-Einstein condensates with an arbitrary number of atoms},
  author = {A. Mu{\~n}noz Mateo and V. Delgado},
  journal = {Phys. Rev. A},
  volume = {74},
  pages = {065602},
  year = {2006}
}
@article{parker2008,
  title = {Thomas-Fermi versus one- and two-dimensional regimes of a trapped dipolar Bose-Einstein condensate},
  author = {Parker, N. G. and O'Dell, D. H. J.},
  journal = {Phys. Rev. A},
  volume = {78},
  issue = {4},
  pages = {041601},
  numpages = {4},
  year = {2008},
  month = {Oct},
  publisher = {American Physical Society},
  doi = {10.1103/PhysRevA.78.041601}
}


@article{jackson_proukakis_09,
  title = {Finite-temperature vortex dynamics in Bose-Einstein condensates},
  author = {Jackson, B. and Proukakis, N. P. and Barenghi, C. F. and Zaremba, E.},
  journal = {Phys. Rev. A},
  volume = {79},
  issue = {5},
  pages = {053615},
  numpages = {11},
  year = {2009},
  month = {May},
  publisher = {American Physical Society},
  doi = {10.1103/PhysRevA.79.053615},
}


@article{choi_morgan_98,
  title = {Phenomenological damping in trapped atomic Bose-Einstein condensates},
  author = {Choi, S. and Morgan, S. A. and Burnett, K.},
  journal = {Phys. Rev. A},
  volume = {57},
  issue = {5},
  pages = {4057--4060},
  numpages = {0},
  year = {1998},
  month = {May},
  publisher = {American Physical Society},
  doi = {10.1103/PhysRevA.57.4057},
}


@article{tsubota_kasamatsu_02,
  title = {Vortex lattice formation in a rotating Bose-Einstein condensate},
  author = {Tsubota, Makoto and Kasamatsu, Kenichi and Ueda, Masahito},
  journal = {Phys. Rev. A},
  volume = {65},
  issue = {2},
  pages = {023603},
  numpages = {4},
  year = {2002},
  month = {Jan},
  publisher = {American Physical Society},
  doi = {10.1103/PhysRevA.65.023603}
}

@article{madarassy_barenghi_08,
  title = {Inverse Energy Cascade in Forced Two-Dimensional Quantum Turbulence},
  author = {E. Madarassy and C. F. Barenghi},
  journal = {Journal of Low Temperature Physics},
  volume = {152},
  pages = {122},
  year = {2008}
}

@article{allen_zaremba_13,
  title = {Observable vortex properties in finite-temperature {B}ose gases},
  author = {Allen, A. J. and Zaremba, E. and Barenghi, C. F. and Proukakis, N. P.},
  journal = {Phys. Rev. A},
  volume = {87},
  issue = {1},
  pages = {013630},
  numpages = {9},
  year = {2013},
  month = {Jan},
  publisher = {American Physical Society},
  doi = {10.1103/PhysRevA.87.013630},
  
}

@article{yan_proukakis_14,
  title = {Exploring vortex dynamics in the presence of dissipation: Analytical and numerical results},
  author = {Yan, D. and Carretero-Gonz\'alez, R. and Frantzeskakis, D. J. and Kevrekidis, P. G. and Proukakis, N. P. and Spirn, D.},
  journal = {Phys. Rev. A},
  volume = {89},
  issue = {4},
  pages = {043613},
  numpages = {11},
  year = {2014},
  month = {Apr},
  publisher = {American Physical Society},
  doi = {10.1103/PhysRevA.89.043613}
}


@article{reeves_billam_13,
  title = {Inverse Energy Cascade in Forced Two-Dimensional Quantum Turbulence},
  author = {Reeves, Matthew T. and Billam, Thomas P. and Anderson, Brian P. and Bradley, Ashton S.},
  journal = {Phys. Rev. Lett.},
  volume = {110},
  issue = {10},
  pages = {104501},
  numpages = {5},
  year = {2013},
  month = {Mar},
  publisher = {American Physical Society},
  doi = {10.1103/PhysRevLett.110.104501}
}
@article{nazarenko_onorato_07,
  title = {Inverse Energy Cascade in Forced Two-Dimensional Quantum Turbulence},
  author = {S. Nazarenko and M. Onorato},
  journal = {Journal of Low Temperature Physics},
  volume = {146},
  pages = {31},
  year = {2007}
}

@article{rorai_skreenivasan_12,
  title = {Propagating and annihilating vortex dipoles in the Gross-Pitaevskii equation},
  author = {Rorai, Cecilia and Sreenivasan, K. R. and Fisher, Michael E.},
  journal = {Phys. Rev. B},
  volume = {88},
  issue = {13},
  pages = {134522},
  numpages = {10},
  year = {2013},
  month = {Oct},
  publisher = {American Physical Society},
  doi = {10.1103/PhysRevB.88.134522}
}
    
@article{prabhakar_singh_13,
  author={Shashi Prabhakar and R P Singh and S Gautam and D Angom},
  title={Annihilation of vortex dipoles in an oblate BoseâEinstein condensate},
  journal={Journal of Physics B: Atomic, Molecular and Optical Physics},
  volume={46},
  number={12},
  pages={125302},
  year={2013}
}
  

@article{leadbeater,
  title = {Sound Emission due to Superfluid Vortex Reconnections},
  author = {Leadbeater, M. and Winiecki, T. and Samuels, D. C. and Barenghi, C. F. and Adams, C. S.},
  journal = {Phys. Rev. Lett.},
  volume = {86},
  issue = {8},
  pages = {1410--1413},
  numpages = {0},
  year = {2001},
  month = {Feb},
  publisher = {American Physical Society},
  doi = {10.1103/PhysRevLett.86.1410}
}

@article{zuccher,
   author = "S. Zuccher and M. Caliari and A.W. Baggaley and C.F. Barenghi",
   title = "Quantum vortex reconnections",
   journal = "Physics of Fluids",
   year = "2012",
   volume = "24",
   pages = "125108"
}
@article{powis,
  title = {Vortex Gyroscope Imaging of Planar Superfluids},
  author = {Powis, A. T. and Sammut, S. J. and Simula, T. P.},
  journal = {Phys. Rev. Lett.},
  volume = {113},
  issue = {16},
  pages = {165303},
  numpages = {5},
  year = {2014},
  month = {Oct},
  publisher = {American Physical Society},
  doi = {10.1103/PhysRevLett.113.165303}
}
